[gd_scene load_steps=7 format=2]

[ext_resource path="res://Tree/SpriteSheet.tres" type="SpriteFrames" id=1]
[ext_resource path="res://Tree/Tree.gd" type="Script" id=2]
[ext_resource path="res://Trunk.tscn" type="PackedScene" id=3]
[ext_resource path="res://Tree/trunk_occluder.tres" type="OccluderPolygon2D" id=4]

[sub_resource type="CircleShape2D" id=1]
radius = 12.0713

[sub_resource type="CircleShape2D" id=2]
radius = 44.791

[node name="Tree" type="StaticBody2D"]
script = ExtResource( 2 )

[node name="AnimatedSprite" type="AnimatedSprite" parent="."]
frames = ExtResource( 1 )
frame = 2
playing = true

[node name="Position2D" type="Position2D" parent="."]
position = Vector2( 0, -11 )

[node name="Trunk" parent="Position2D" instance=ExtResource( 3 )]
frame = 10

[node name="CollisionShape2D" type="CollisionShape2D" parent="."]
visible = false
position = Vector2( -0.26487, -5.16488 )
shape = SubResource( 1 )

[node name="Trigger" type="Area2D" parent="."]

[node name="CollisionShape2D" type="CollisionShape2D" parent="Trigger"]
visible = false
shape = SubResource( 2 )

[node name="LightOccluder2D" type="LightOccluder2D" parent="."]
occluder = ExtResource( 4 )
[connection signal="body_entered" from="Trigger" to="." method="_on_Trigger_body_entered"]
[connection signal="body_exited" from="Trigger" to="." method="_on_Trigger_body_exited"]
